% Encoding: UTF-8

@Misc{PS2,
  author = {Marcelo Schiavon Porto},
  title  = {PlayStation 2},
  url    = {http://www.inf.ufrgs.br/~flavio/ensino/cmp237/PlayStation2.pdf},
}

@Misc{NES,
  author = {Alexander},
  title  = {NES on FPGA (DE2-115)},
  month  = jun,
  year   = {2013},
  url    = {https://www.youtube.com/watch?v=R-nf4N9ZTbY},
}

@Article{Mapeamento,
  author = {Felipe de Sousa Marques, Osvaldo Martinello Junior, Renato Perez Ribas, Leomar Soares da Rosa Junior, André Inácio Reis},
  title  = {Mapeamento Tecnológico no Projeto de Circuitos Integrados Digitais},
}

@Misc{OSCILOSCOPIO,
  author = {minos197},
  title  = {Dual Channel Buffered FPGA Oscilloscope},
  year   = {2013},
  url    = {https://www.youtube.com/watch?v=9T39UXb8dzs},
}

@Misc{Equalizador,
  author = {jonathan martinez moreno},
  title  = {Ecualizador de audio de 4 bandas en FPGA Cyclone II},
  year   = {2016},
  url    = {https://www.youtube.com/watch?v=YY5279czG-k},
}

@Misc{,
  author = {Wikipedia},
  title  = {Field-programmable gate array},
  url    = {https://en.wikipedia.org/wiki/Field-programmable_gate_array},
}

@Misc{,
  author = {Paulo Higa},
  title  = {Tesla Model S de US$ 74,5 mil começa a ser vendido no Brasil por R$ 745 mil},
  year   = {2016},
  url    = {https://tecnoblog.net/203378/tesla-model-s-preco-brasil/},
}

@Misc{INTEL,
  author = {Agam Shah},
  title  = {Intel promete novos chips para inteligência artificial no próximo ano},
  year   = {2016},
  url    = {http://idgnow.com.br/internet/2016/11/23/intel-promete-novos-chips-para-inteligencia-artificial-no-proximo-ano/},
}

@Misc{MIPS,
  author = {Alex Voica},
  title  = {Five most iconic devices to use MIPS CPUs},
  month  = jun,
  year   = {2016},
  url    = {https://www.imgtec.com/blog/five-most-iconic-devices-to-use-mips-cpus/},
}

@Comment{jabref-meta: databaseType:bibtex;}
