@book{Baker,
 author = {Baker, R. Jacob},
 title = {CMOS: Mixed-signal Circuit Design},
 year = {2002},
 isbn = {0-471-22754-4},
 publisher = {John Wiley \& Sons, Inc.},
 address = {New York, NY, USA}
} 
@MANUAL {man,
    title        = "DE2-115 User Manual",
    author       = "Terasic Technologies",
    organization = "Terasic Technologies",
    year         = "2010",
}