@book{elmasri2011sistemas,
  title={Sistemas de banco de dados},
  author={Elmasri, R. and Navathe, S.B.},
  isbn={9788579360855},
  url={https://books.google.com.br/books?id=FSvIYgEACAAJ},
  year={2011},
  publisher={PEARSON BRASIL}
}
@ONLINE {Diego,
    author = "Diogo Pereira",
    title  = "Diogo Pereira - YouTube",
    year   = "2014",
    url    = "https://www.youtube.com/user/programandoyourlife"
}
@book{pg9v1a,
  added-at = {2010-12-14T19:10:01.000+0100},
  author = {Group, The PostgreSQL Global Development},
  biburl = {https://www.bibsonomy.org/bibtex/2f2337978051e1b55ca1c44d15064e4fa/bjg},
  interhash = {e0d10477e8554760de0298bd54044c91},
  intrahash = {f2337978051e1b55ca1c44d15064e4fa},
  keywords = {database manual postgresql sql},
  publisher = {Network Theory Ltd},
  timestamp = {2010-12-14T19:10:01.000+0100},
  title = {PostgreSQL 9.0 Reference Manual - Volume 1A
SQL Language Reference },
  url = {http://www.network-theory.co.uk/postgresql9/vol1a/},
  volume = 1,
  year = 2010
}
